@misc{picrisk,
    title = {{5 Ways to Manage Ethical Risks}},
    year = {2021},
    booktitle = {pinterest.it},
    author = {{clearrisk.com}},
    url = {https://www.pinterest.it/pin/397513104602258195/}
}

@misc{enwiki:1057840626,
    title = {{Cycling in the Netherlands --- Wikipedia, The Free Encyclopedia}},
    year = {2021},
    booktitle = {Wikipedia, The Free Encyclopedia},
    author = {{Wikipedia contributors}},
    month = {11},
    url = {https://en.wikipedia.org/w/index.php?title=Cycling_in_the_Netherlands&oldid=1057840626}
}

@misc{vsdpic,
    title = {{Invasion of the electric scooter: can our cities cope?}},
    year = {2019},
    booktitle = {The Guardian},
    author = {Tapper, James and Berthelot, Edward},
    month = {7},
    url = {https://www.theguardian.com/cities/2019/jul/15/invasion-electric-scooter-backlash},
    address = {Copenhagen}
}

@book{Mazzo2021,
    title = {{INVERSIONE a E}},
    year = {2021},
    author = {Mazzoncini, Renato},
    month = {9},
    pages = {},
    publisher = {EGEA},
    url = {https://www.egeaeditore.it/ita/prodotti/management/inversione-a-e.aspx},
    isbn = {9788823838284}
}

@incollection{eticatrasporti,
    title = {{Per un'etica dei trasporti}},
    year = {2021},
    booktitle = {Inversione a E},
    author = {de Sio, Filippo Santoni},
    chapter = {},
    month = {9},
    pages = {129--141},
    publisher = {Egea},
    isbn = {9788823838284}
}

@misc{picprivacy,
    title = {{Proteggere la privacy sul cellulare in poche mosse: i consigli chiave}},
    year = {2021},
    booktitle = {ilsole24ore.com},
    author = {Longo, Alessandro},
    month = {7},
    url = {https://www.ilsole24ore.com/art/proteggere-privacy-cellulare-poche-mosse-consigli-chiave-AEJN4nT?refresh_ce=1}
}

@misc{EBSafe,
    title = {{Safety}},
    year = {2017},
    booktitle = {Encyclopaedia Britannica},
    author = {Britannica, T. Editors of Encyclopaedia},
    url = {https://www.britannica.com/topic/safety-condition}
}

@misc{picsafety,
    title = {{San Francisco-Oakland Bay Bridge}},
    year = {2021},
    booktitle = {mtc.ca.gov/},
    author = {{Metropolitan Transportation Commission}},
    url = {https://mtc.ca.gov/sites/default/files/images/2021-06/AdobeStock_242784087.jpg}
}

@misc{picresponsibility,
    title = {{The Ethics of Crashes {\&} Self-Driving Cars by Sven Nyholm}},
    year = {2021},
    booktitle = {medium.com},
    author = {Vachnadze, Giorgi},
    url = {https://medium.com/curious/the-ethics-of-crashes-self-driving-cars-by-sven-nyholm-d0244071ee76}
}

@misc{picjustice,
    title = {{Who's most affected on public transport in the time of coronavirus?}},
    year = {2020},
    booktitle = {theconversation.com},
    author = {Kent, Jennifer and Delbosc, Alexa and McCarthy, Laura},
    url = {https://theconversation.com/whos-most-affected-on-public-transport-in-the-time-of-coronavirus-133429}
}

@article{Davis1995AnEthics,
    title = {{An historical preface to engineering ethics}},
    year = {1995},
    journal = {Science and Engineering Ethics},
    author = {Davis, Michael},
    number = {1},
    month = {3},
    pages = {33--48},
    volume = {1},
    publisher = {Springer},
    url = {http://link.springer.com/10.1007/BF02628696},
    doi = {10.1007/BF02628696},
    issn = {1353-3452},
    keywords = {Biomedical Engineering and Bioengineering, Engineering, Ethics, Medicine/Public Health, Philosophy, Philosophy of Science, general}
}

@article{Pereira2017DistributiveTransportation,
    title = {{Distributive justice and equity in transportation}},
    year = {2017},
    journal = {Transport Reviews},
    author = {Pereira, Rafael H. M. and Schwanen, Tim and Banister, David},
    number = {2},
    month = {3},
    pages = {170--191},
    volume = {37},
    publisher = {Routledge},
    url = {https://www.tandfonline.com/doi/full/10.1080/01441647.2016.1257660},
    doi = {10.1080/01441647.2016.1257660},
    issn = {0144-1647},
    keywords = {Accessibility, Capability Approaches, Distributive Justice, Equity, Ethics, Justice, Rawls, Social exclusion, Transport Poverty}
}

@article{Winner1980DoJSTOR,
    title = {{Do Artifacts Have Politics? on JSTOR}},
    year = {1980},
    journal = {Daedalus},
    author = {Winner, Langdon},
    pages = {121--136},
    volume = {109},
    url = {https://www.jstor.org/stable/20024652?seq=1#metadata_info_tab_contents},
    issn = {00115266}
}

@incollection{Reiman2017DrivingFuture,
    title = {{Driving to the Panopticon: A Philosophical Exploration of the Risks to Privacy Posed by the Highway Technology of the Future}},
    year = {2017},
    booktitle = {Privacy},
    author = {Reiman, Jeffrey H.},
    month = {9},
    pages = {159--176},
    publisher = {Routledge},
    url = {https://www.taylorfrancis.com/books/9781351908818/chapters/10.4324/9781315246024-8},
    doi = {10.4324/9781315246024-8}
}

@misc{EuropeanCommission2020EthicsEU,
    title = {{Ethics of connected and automated vehicles - Publications Office of the EU}},
    year = {2020},
    author = {{European Commission}},
    pages = {52--64},
    url = {https://op.europa.eu/it/publication-detail/-/publication/89624e2c-f98c-11ea-b44f-01aa75ed71a1/language-en}
}

@book{vandenHoven2015HandbookDesign,
    title = {{Handbook of Ethics, Values, and Technological Design}},
    year = {2015},
    booktitle = {Handbook of Ethics, Values, and Technological Design: Sources, Theory, Values and Application Domains},
    author = {van den Hoven, Jeroen and Vermaas, Pieter E. and van de Poel, Ibo},
    editor = {van den Hoven, Jeroen and Vermaas, Pieter E. and van de Poel, Ibo},
    month = {1},
    pages = {11--40},
    publisher = {Springer Netherlands},
    url = {http://link.springer.com/10.1007/978-94-007-6970-0},
    address = {Dordrecht},
    isbn = {978-94-007-6969-4},
    doi = {10.1007/978-94-007-6970-0}
}

@article{VANDEPOEL2018MoralHands.,
    title = {{Moral responsibility and the problem of many hands.}},
    year = {2018},
    author = {VAN DE POEL, IBO. ROYAKKERS},
    pages = {50--92},
    publisher = {ROUTLEDGE},
    isbn = {9781138346710}
}

@article{NihlenFahlquist2009SavingAspects,
    title = {{Saving lives in road trafficâ€”ethical aspects}},
    year = {2009},
    journal = {Journal of Public Health},
    author = {Nihl{\'{e}}n Fahlquist, Jessica},
    number = {6},
    month = {12},
    pages = {385},
    volume = {17},
    url = {http://link.springer.com/10.1007/s10389-009-0264-7},
    doi = {10.1007/s10389-009-0264-7},
    issn = {0943-1853},
    keywords = {Criminalisation, Ethics, Justice, Paternalism, Privacy, Responsibility, Risk, Traffic safety}
}

@article{Zimmer2005SurveillanceTechnologies,
    title = {{Surveillance, Privacy and the Ethics of Vehicle Safety Communication Technologies}},
    year = {2005},
    journal = {Ethics and Information Technology},
    author = {Zimmer, M.},
    number = {4},
    month = {12},
    pages = {201--210},
    volume = {7},
    publisher = {Springer},
    url = {http://link.springer.com/10.1007/s10676-006-0016-0},
    doi = {10.1007/s10676-006-0016-0},
    issn = {1388-1957},
    keywords = {Ethics, Innovation/Technology Management, Library Science, Management of Computing and Information Systems, User Interfaces and Human Computer Interaction}
}

@article{Smids2018TheAdaptation,
    title = {{The Moral Case for Intelligent Speed Adaptation}},
    year = {2018},
    journal = {Journal of Applied Philosophy},
    author = {Smids, Jilles},
    number = {2},
    month = {5},
    pages = {205--221},
    volume = {35},
    publisher = {John Wiley {\&} Sons, Ltd},
    url = {https://onlinelibrary.wiley.com/doi/10.1111/japp.12168},
    doi = {10.1111/japp.12168},
    issn = {02643758}
}

@article{Hayenhjelm2012TheLiterature,
    title = {{The Moral Problem of Risk Impositions: A Survey of the Literature}},
    year = {2012},
    journal = {European Journal of Philosophy},
    author = {Hayenhjelm, Madeleine and Wolff, Jonathan},
    number = {SUPPL. 1},
    month = {6},
    pages = {E26-E51},
    volume = {20},
    publisher = {John Wiley {\&} Sons, Ltd},
    url = {https://onlinelibrary.wiley.com/doi/10.1111/j.1468-0378.2011.00482.x},
    doi = {10.1111/j.1468-0378.2011.00482.x},
    issn = {09668373}
}

@article{Watkins2021UsingSystem,
    title = {{Using value sensitive design to understand transportation choices and envision a future transportation system}},
    year = {2021},
    journal = {Ethics and Information Technology},
    author = {Watkins, Kari Edison},
    number = {1},
    month = {3},
    pages = {79--82},
    volume = {23},
    publisher = {Springer},
    url = {https://link.springer.com/10.1007/s10676-018-9478-0},
    doi = {10.1007/s10676-018-9478-0},
    issn = {1388-1957},
    keywords = {Ethics, Innovation/Technology Management, Library Science, Management of Computing and Information Systems, User Interfaces and Human Computer Interaction}
}